<?xml version="1.0" encoding="UTF-8"?><collection xmlns="http://www.loc.gov/MARC21/slim"><record><leader>00425nam--2200133-i-4500</leader><controlfield tag="001">000046667</controlfield><controlfield tag="002">20161230</controlfield><controlfield tag="005">20161230201046</controlfield><controlfield tag="008">060222s1000------------r-----000-0-eng-d</controlfield><datafield ind1=" " ind2=" " tag="080"><subfield code="a">548(043)</subfield></datafield><datafield ind1=" " ind2=" " tag="100"><subfield code="a">Vidal, Jean-pierre</subfield></datafield><datafield ind1=" " ind2=" " tag="245"><subfield code="a">Etude radiocristallographique d`organosilanes cycliques. conformation autour de l`atome de silicium. these</subfield></datafield><datafield ind1=" " ind2=" " tag="260"><subfield code="a">Languedoc, Univ.Des Sciences Et Techniques, 1974, 159p</subfield></datafield><datafield ind1=" " ind2=" " tag="852"><subfield code="a">78164</subfield></datafield></record></collection>